<?xml version="1.0" encoding="UTF-8"?><record xmlns="http://www.loc.gov/MARC21/slim" xmlns:cinclude="http://apache.org/cocoon/include/1.0" xmlns:zs="http://www.loc.gov/zing/srw/">
  <leader>00518cz  a2200133n  4500</leader>
  <controlfield tag="001">n  88066758 </controlfield>
  <controlfield tag="003">DLC</controlfield>
  <controlfield tag="005">20120731082159.0</controlfield>
  <controlfield tag="008">890217n| acannaab           |n ana     b</controlfield>
  <datafield tag="010" ind1=" " ind2=" ">
    <subfield code="a">n  88066758 </subfield>
  </datafield>
  <datafield tag="040" ind1=" " ind2=" ">
    <subfield code="a">DNLM</subfield>
    <subfield code="b">eng</subfield>
    <subfield code="c">DLC</subfield>
    <subfield code="d">DLC</subfield>
  </datafield>
  <datafield tag="111" ind1="2" ind2=" ">
    <subfield code="a">Bayer AG Centenary Symposium</subfield>
    <subfield code="d">(1988 :</subfield>
    <subfield code="c">Edinburgh, Scotland)</subfield>
  </datafield>
  <datafield tag="667" ind1=" " ind2=" ">
    <subfield code="a">THIS 1XX FIELD CANNOT BE USED UNDER RDA UNTIL THIS RECORD HAS BEEN REVIEWED AND/OR UPDATED</subfield>
  </datafield>
  <datafield tag="670" ind1=" " ind2=" ">
    <subfield code="a">Its Diabetes mellitus, c1988:</subfield>
    <subfield code="b">CIP t.p. (Bayer AG Centenary Symposium, Edinburgh, U.K., May 25-28, 1988)</subfield>
  </datafield>
</record>